<record><leader>00000cas a22000007a 4500</leader><controlfield tag="001">10215200</controlfield><controlfield tag="008">831213d18761881mauwr ne      0    0eng d</controlfield><datafield ind1=" " ind2=" " tag="010"><subfield code="a">sn 83021512 </subfield></datafield><datafield ind1=" " ind2=" " tag="040"><subfield code="a">NPX</subfield><subfield code="b">eng</subfield><subfield code="c">NPX</subfield><subfield code="d">MGN</subfield><subfield code="d">OCLCQ</subfield></datafield><datafield ind1=" " ind2=" " tag="042"><subfield code="a">msc</subfield></datafield><datafield ind1="0" ind2=" " tag="130"><subfield code="a">Boston beacon and Dorchester news gatherer (Boston, Mass. : 1876)</subfield></datafield><datafield ind1="1" ind2="4" tag="245"><subfield code="a">The Boston beacon and Dorchester news gatherer.</subfield></datafield><datafield ind1="3" ind2="0" tag="246"><subfield code="a">Boston beacon Dorchester news gatherer</subfield></datafield><datafield ind1="1" ind2="7" tag="246"><subfield code="a">Boston beacon</subfield><subfield code="f">1876-Mar. 31, 1877</subfield></datafield><datafield ind1="1" ind2="7" tag="246"><subfield code="a">Dorchester news gatherer</subfield><subfield code="f">1876-Mar. 31, 1877</subfield></datafield><datafield ind1=" " ind2=" " tag="260"><subfield code="a">Boston [Mass.] :</subfield><subfield code="b">Todd &amp; Tucker</subfield></datafield><datafield ind1=" " ind2=" " tag="300"><subfield code="a">v. ;</subfield><subfield code="c">56 cm.</subfield></datafield><datafield ind1=" " ind2=" " tag="310"><subfield code="a">Weekly</subfield></datafield><datafield ind1="0" ind2=" " tag="362"><subfield code="a">Vol. 3, no. 1 (Jan. 1, 1876)-v. 8, no. 3 (Jan. 15, 1881).</subfield></datafield><datafield ind1=" " ind2=" " tag="500"><subfield code="a">"And" appears within masthead ornament.</subfield></datafield><datafield ind1=" " ind2=" " tag="500"><subfield code="a">Editor: Rev. J.H. Wiggin, Jan. 1-Dec. 30, 1876.</subfield></datafield><datafield ind1=" " ind2=" " tag="752"><subfield code="a">United States</subfield><subfield code="b">Massachusetts</subfield><subfield code="c">Suffolk</subfield><subfield code="d">Boston.</subfield></datafield><datafield ind1=" " ind2=" " tag="752"><subfield code="a">United States</subfield><subfield code="b">Massachusetts</subfield><subfield code="c">Suffolk</subfield><subfield code="d">Dorchester.</subfield></datafield><datafield ind1="0" ind2="0" tag="780"><subfield code="t">Dorchester news gatherer</subfield><subfield code="w">(DLC)sn 91058051</subfield></datafield><datafield ind1="0" ind2="0" tag="785"><subfield code="t">Boston beacon (Boston, Mass. : 1881)</subfield><subfield code="w">(DLC)sn 91058052</subfield></datafield><datafield ind1="1" ind2=" " tag="029"><subfield code="a">AU@</subfield><subfield code="b">000025804060</subfield></datafield></record>